<?xml version="1.0" encoding="UTF-8"?><collection xmlns="http://www.loc.gov/MARC21/slim"><record><leader>00442nam--2200157-i-4500</leader><controlfield tag="001">000006624</controlfield><controlfield tag="002">20161230</controlfield><controlfield tag="005">20170206185621</controlfield><controlfield tag="008">060222s1000------------r-----000-0-eng-d</controlfield><datafield ind1=" " ind2=" " tag="100"><subfield code="a">Broude, C</subfield></datafield><datafield ind1=" " ind2=" " tag="245"><subfield code="a">Spin assignments in even-even nuclei between o16 and ca40</subfield></datafield><datafield ind1=" " ind2=" " tag="260"><subfield code="a">/New York</subfield><subfield code="b">Academic Press</subfield><subfield code="c">1963</subfield></datafield><datafield ind1=" " ind2=" " tag="300"><subfield code="a">/-71-122/ p</subfield></datafield><datafield ind1=" " ind2=" " tag="490"><subfield code="a">Reprinted From Annals Of Physics</subfield></datafield><datafield ind1=" " ind2=" " tag="700"><subfield code="a">Gove, Harry E</subfield></datafield><datafield ind1=" " ind2=" " tag="CAT"><subfield code="a">SYS</subfield><subfield code="c">20170206</subfield><subfield code="h">185621</subfield></datafield></record></collection>